%1. Road Extraction by Deep Residual U-Net
@article{zhang2018road,
  title     = {Road extraction by deep residual u-net},
  author    = {Zhang, Zhengxin and Liu, Qingjie and Wang, Yunhong},
  journal   = {IEEE Geoscience and Remote Sensing Letters},
  volume    = {15},
  number    = {5},
  pages     = {749--753},
  year      = {2018},
  publisher = {IEEE}
}

%2. Artificial Intelligence for Automatic Measurement of Sagittal Vertical Axis Using ResUNet Framework:
@article{weng2019artificial,
  title     = {Artificial intelligence for automatic measurement of sagittal vertical axis using ResUNet framework},
  author    = {Weng, Chi-Hung and Wang, Chih-Li and Huang, Yu-Jui and Yeh, Yu-Cheng and Fu, Chen-Ju and Yeh, Chao-Yuan and Tsai, Tsung-Ting},
  journal   = {Journal of clinical medicine},
  volume    = {8},
  number    = {11},
  pages     = {1826},
  year      = {2019},
  publisher = {Multidisciplinary Digital Publishing Institute}
}

%3. Iterative fully convolutional neural networks for automatic vertebra segmentation and identification:
@article{lessmann2019iterative,
  title     = {Iterative fully convolutional neural networks for automatic vertebra segmentation and identification},
  author    = {Lessmann, Nikolas and van Ginneken, Bram and de Jong, Pim A and I{\v{s}}gum, Ivana},
  journal   = {Medical image analysis},
  volume    = {53},
  pages     = {142--155},
  year      = {2019},
  publisher = {Elsevier}
}

%4. Zebrafish Embryo Vessel Segmentation Using a Novel Dual ResUNet Model
@article{zhang2019zebrafish,
  title     = {Zebrafish Embryo Vessel Segmentation Using a Novel Dual ResUNet Model},
  author    = {Zhang, Kun and Zhang, Hongbin and Zhou, Huiyu and Crookes, Danny and Li, Ling and Shao, Yeqin and Liu, Dong},
  journal   = {Computational intelligence and neuroscience},
  volume    = {2019},
  year      = {2019},
  publisher = {Hindawi}
}
%5. ResUNet-a: a deep learning framework for semantic segmentation of remotely sensed dataï¼š
@article{diakogiannis2020resunet,
  title     = {Resunet-a: a deep learning framework for semantic segmentation of remotely sensed data},
  author    = {Diakogiannis, Foivos I and Waldner, Fran{\c{c}}ois and Caccetta, Peter and Wu, Chen},
  journal   = {ISPRS Journal of Photogrammetry and Remote Sensing},
  volume    = {162},
  pages     = {94--114},
  year      = {2020},
  publisher = {Elsevier}
}


%6. ResUNet++: An Advanced Architecture for Medical Image Segmentation
@inproceedings{jha2019resunet++,
  title        = {Resunet++: An advanced architecture for medical image segmentation},
  author       = {Jha, Debesh and Smedsrud, Pia H and Riegler, Michael A and Johansen, Dag and De Lange, Thomas and Halvorsen, P{\aa}l and Johansen, H{\aa}vard D},
  booktitle    = {2019 IEEE International Symposium on Multimedia (ISM)},
  pages        = {225--2255},
  year         = {2019},
  organization = {IEEE}
}

%7. Stacked U-Nets: A No-Frills Approach to Natural Image Segmentation
@article{shah2018stacked,
  title   = {Stacked U-Nets: a no-frills approach to natural image segmentation},
  author  = {Shah, Sohil and Ghosh, Pallabi and Davis, Larry S and Goldstein, Tom},
  journal = {arXiv preprint arXiv:1804.10343},
  year    = {2018}
}

%8. Stacked U-Nets for Ground Material Segmentation in Remote Sensing Imagery
@inproceedings{ghosh2018stacked,
  title     = {Stacked U-Nets for Ground Material Segmentation in Remote Sensing Imagery.},
  author    = {Ghosh, Arthita and Ehrlich, Max and Shah, Sohil and Davis, Larry S and Chellappa, Rama},
  booktitle = {CVPR Workshops},
  pages     = {257--261},
  year      = {2018}
}

%9. Stacked U-Nets with Multi-Output for Road Extraction
@inproceedings{sun2018stacked,
  title     = {Stacked U-Nets With Multi-Output for Road Extraction.},
  author    = {Sun, Tao and Chen, Zehui and Yang, Wenxiang and Wang, Yin},
  booktitle = {CVPR Workshops},
  pages     = {202--206},
  year      = {2018}
}

%10. U2-NET: A BAYESIAN U-NET MODEL WITH EPISTEMIC UNCERTAINTY FEEDBACK FOR PHOTORECEPTOR LAYER SEGMENTATION IN PATHOLOGICAL OCT SCANS
@inproceedings{orlando2019u2,
  title        = {U2-net: A bayesian u-net model with epistemic uncertainty feedback for photoreceptor layer segmentation in pathological oct scans},
  author       = {Orlando, Jos{\'e} Ignacio and Seeb{\"o}ck, Philipp and Bogunovi{\'c}, Hrvoje and Klimscha, Sophie and Grechenig, Christoph and Waldstein, Sebastian and Gerendas, Bianca S and Schmidt-Erfurth, Ursula},
  booktitle    = {2019 IEEE 16th International Symposium on Biomedical Imaging (ISBI 2019)},
  pages        = {1441--1445},
  year         = {2019},
  organization = {IEEE}
}

%11. Medical Image Synthesis for Data Augmentation and Anonymization using Generative Adversarial Networks
@inproceedings{shin2018medical,
  title        = {Medical image synthesis for data augmentation and anonymization using generative adversarial networks},
  author       = {Shin, Hoo-Chang and Tenenholtz, Neil A and Rogers, Jameson K and Schwarz, Christopher G and Senjem, Matthew L and Gunter, Jeffrey L and Andriole, Katherine P and Michalski, Mark},
  booktitle    = {International workshop on simulation and synthesis in medical imaging},
  pages        = {1--11},
  year         = {2018},
  organization = {Springer}
}

%12. Segmentation of Lungs in Chest X-ray Image using Generative Adversarial Networks
@article{munawar2020segmentation,
  title     = {Segmentation of Lungs in Chest X-Ray Image Using Generative Adversarial Networks},
  author    = {Munawar, Faizan and Azmat, Shoaib and Iqbal, Talha and Gr{\"o}nlund, Christer and Ali, Hazrat},
  journal   = {IEEE Access},
  volume    = {8},
  pages     = {153535--153545},
  year      = {2020},
  publisher = {IEEE}
}

%13. Skin Lesion Segmentation Using Atrous Convolution via DeepLab v3
@article{wang2018skin,
  title   = {Skin lesion segmentation using atrous convolution via DeepLab v3},
  author  = {Wang, Yujie and Sun, Simon and Yu, Jahow and Yu, Dr and others},
  journal = {arXiv preprint arXiv:1807.08891},
  year    = {2018}
}
