%intro part
%Current methods in medical image segmentation(2000year,very traditional)
@article{pham2000current,
  title     = {Current methods in medical image segmentation},
  author    = {Pham, Dzung L and Xu, Chenyang and Prince, Jerry L},
  journal   = {Annual review of biomedical engineering},
  volume    = {2},
  number    = {1},
  pages     = {315--337},
  year      = {2000},
  publisher = {Annual Reviews 4139 El Camino Way, PO Box 10139, Palo Alto, CA 94303-0139, USA}
}
%A Review on Deep Learning Techniques Applied to Semantic Segmentation
@article{DBLP:journals/corr/Garcia-GarciaOO17,
  author        = {Alberto Garcia{-}Garcia and
               Sergio Orts{-}Escolano and
               Sergiu Oprea and
               Victor Villena{-}Martinez and
               Jos{\'{e}} Garc{\'{\i}}a Rodr{\'{\i}}guez},
  title         = {A Review on Deep Learning Techniques Applied to Semantic Segmentation},
  journal       = {CoRR},
  volume        = {abs/1704.06857},
  year          = {2017},
  url           = {http://arxiv.org/abs/1704.06857},
  archiveprefix = {arXiv},
  eprint        = {1704.06857},
  timestamp     = {Mon, 13 Aug 2018 16:46:10 +0200},
  biburl        = {https://dblp.org/rec/journals/corr/Garcia-GarciaOO17.bib},
  bibsource     = {dblp computer science bibliography, https://dblp.org}
}
%Deep Learning Techniques for Medical Image Segmentation: Achievements and Challenges
@article{hesamian2019deep,
  title     = {Deep learning techniques for medical image segmentation: Achievements and challenges},
  author    = {Hesamian, Mohammad Hesam and Jia, Wenjing and He, Xiangjian and Kennedy, Paul},
  journal   = {Journal of digital imaging},
  volume    = {32},
  number    = {4},
  pages     = {582--596},
  year      = {2019},
  publisher = {Springer}
}

%ref from jiaxi
% FCN
@inproceedings{Long_2015_CVPR,
  author    = {Long, Jonathan and Shelhamer, Evan and Darrell, Trevor},
  title     = {Fully Convolutional Networks for Semantic Segmentation},
  booktitle = {Proceedings of the IEEE Conference on Computer Vision and Pattern Recognition (CVPR)},
  month     = {June},
  year      = {2015}
}

%U-Net: Convolutional Networks for Biomedical Image Segmentation
@article{DBLP:journals/corr/RonnebergerFB15,
  author        = {Olaf Ronneberger and
               Philipp Fischer and
               Thomas Brox},
  title         = {U-Net: Convolutional Networks for Biomedical Image Segmentation},
  journal       = {CoRR},
  volume        = {abs/1505.04597},
  year          = {2015},
  url           = {http://arxiv.org/abs/1505.04597},
  archiveprefix = {arXiv},
  eprint        = {1505.04597},
  timestamp     = {Mon, 13 Aug 2018 16:46:52 +0200},
  biburl        = {https://dblp.org/rec/journals/corr/RonnebergerFB15.bib},
  bibsource     = {dblp computer science bibliography, https://dblp.org}
}

%DUnet
@article{jin2019dunet,
  title     = {DUNet: A deformable network for retinal vessel segmentation},
  author    = {Jin, Qiangguo and Meng, Zhaopeng and Pham, Tuan D and Chen, Qi and Wei, Leyi and Su, Ran},
  journal   = {Knowledge-Based Systems},
  volume    = {178},
  pages     = {149--162},
  year      = {2019},
  publisher = {Elsevier}
}

%UNet++ 1
@article{DBLP:journals/corr/abs-1807-10165,
  author        = {Zongwei Zhou and
               Md Mahfuzur Rahman Siddiquee and
               Nima Tajbakhsh and
               Jianming Liang},
  title         = {UNet++: {A} Nested U-Net Architecture for Medical Image Segmentation},
  journal       = {CoRR},
  volume        = {abs/1807.10165},
  year          = {2018},
  url           = {http://arxiv.org/abs/1807.10165},
  archiveprefix = {arXiv},
  eprint        = {1807.10165},
  timestamp     = {Mon, 13 Aug 2018 16:46:03 +0200},
  biburl        = {https://dblp.org/rec/journals/corr/abs-1807-10165.bib},
  bibsource     = {dblp computer science bibliography, https://dblp.org}
}
%UNet++2
@misc{zhou2020unet,
  title         = {UNet++: Redesigning Skip Connections to Exploit Multiscale Features in Image Segmentation},
  author        = {Zongwei Zhou and Md Mahfuzur Rahman Siddiquee and Nima Tajbakhsh and Jianming Liang},
  year          = {2020},
  eprint        = {1912.05074},
  archiveprefix = {arXiv},
  primaryclass  = {eess.IV}
}
%segnet1
@article{DBLP:journals/corr/BadrinarayananK15,
  author        = {Vijay Badrinarayanan and
               Alex Kendall and
               Roberto Cipolla},
  title         = {SegNet: {A} Deep Convolutional Encoder-Decoder Architecture for Image
               Segmentation},
  journal       = {CoRR},
  volume        = {abs/1511.00561},
  year          = {2015},
  url           = {http://arxiv.org/abs/1511.00561},
  archiveprefix = {arXiv},
  eprint        = {1511.00561},
  timestamp     = {Mon, 13 Aug 2018 16:46:06 +0200},
  biburl        = {https://dblp.org/rec/journals/corr/BadrinarayananK15.bib},
  bibsource     = {dblp computer science bibliography, https://dblp.org}
}
%segnet2
@inproceedings{8406531,
  author    = {J. {Tang} and J. {Li} and X. {Xu}},
  booktitle = {2018 33rd Youth Academic Annual Conference of Chinese Association of Automation (YAC)},
  title     = {Segnet-based gland segmentation from colon cancer histology images},
  year      = {2018},
  volume    = {},
  number    = {},
  pages     = {1078-1082},
  doi       = {10.1109/YAC.2018.8406531}
}
%segnet ref
@article{simonyan2014very,
  title   = {Very deep convolutional networks for large-scale image recognition},
  author  = {Simonyan, Karen and Zisserman, Andrew},
  journal = {arXiv preprint arXiv:1409.1556},
  year    = {2014}
}
%Seg-Unet
@inproceedings{do2019knee,
  title     = {Knee Bone Tumor Segmentation from radiographs using Seg-Unet with Dice Loss},
  author    = {Do, Nhu-Tai and Joo, Sang-Don and Yang, Hyung-Jeong and Jung, Sung Taek and Kim, Soo-Hyung},
  booktitle = {Proc. of International Workshop on Frontiers in Computer Vision (IWFCV 2019)},
  year      = {2019}
}


% ref from yanjie
%1. Road Extraction by Deep Residual U-Net
@article{zhang2018road,
  title     = {Road extraction by deep residual u-net},
  author    = {Zhang, Zhengxin and Liu, Qingjie and Wang, Yunhong},
  journal   = {IEEE Geoscience and Remote Sensing Letters},
  volume    = {15},
  number    = {5},
  pages     = {749--753},
  year      = {2018},
  publisher = {IEEE}
}

%2. Artificial Intelligence for Automatic Measurement of Sagittal Vertical Axis Using ResUNet Framework:
@article{weng2019artificial,
  title     = {Artificial intelligence for automatic measurement of sagittal vertical axis using ResUNet framework},
  author    = {Weng, Chi-Hung and Wang, Chih-Li and Huang, Yu-Jui and Yeh, Yu-Cheng and Fu, Chen-Ju and Yeh, Chao-Yuan and Tsai, Tsung-Ting},
  journal   = {Journal of clinical medicine},
  volume    = {8},
  number    = {11},
  pages     = {1826},
  year      = {2019},
  publisher = {Multidisciplinary Digital Publishing Institute}
}

%3. Iterative fully convolutional neural networks for automatic vertebra segmentation and identification:
@article{lessmann2019iterative,
  title     = {Iterative fully convolutional neural networks for automatic vertebra segmentation and identification},
  author    = {Lessmann, Nikolas and van Ginneken, Bram and de Jong, Pim A and I{\v{s}}gum, Ivana},
  journal   = {Medical image analysis},
  volume    = {53},
  pages     = {142--155},
  year      = {2019},
  publisher = {Elsevier}
}

%4. Zebrafish Embryo Vessel Segmentation Using a Novel Dual ResUNet Model
@article{zhang2019zebrafish,
  title     = {Zebrafish Embryo Vessel Segmentation Using a Novel Dual ResUNet Model},
  author    = {Zhang, Kun and Zhang, Hongbin and Zhou, Huiyu and Crookes, Danny and Li, Ling and Shao, Yeqin and Liu, Dong},
  journal   = {Computational intelligence and neuroscience},
  volume    = {2019},
  year      = {2019},
  publisher = {Hindawi}
}
%5. ResUNet-a: a deep learning framework for semantic segmentation of remotely sensed dataï¼š
@article{diakogiannis2020resunet,
  title     = {Resunet-a: a deep learning framework for semantic segmentation of remotely sensed data},
  author    = {Diakogiannis, Foivos I and Waldner, Fran{\c{c}}ois and Caccetta, Peter and Wu, Chen},
  journal   = {ISPRS Journal of Photogrammetry and Remote Sensing},
  volume    = {162},
  pages     = {94--114},
  year      = {2020},
  publisher = {Elsevier}
}


%6. ResUNet++: An Advanced Architecture for Medical Image Segmentation
@inproceedings{jha2019resunet++,
  title        = {Resunet++: An advanced architecture for medical image segmentation},
  author       = {Jha, Debesh and Smedsrud, Pia H and Riegler, Michael A and Johansen, Dag and De Lange, Thomas and Halvorsen, P{\aa}l and Johansen, H{\aa}vard D},
  booktitle    = {2019 IEEE International Symposium on Multimedia (ISM)},
  pages        = {225--2255},
  year         = {2019},
  organization = {IEEE}
}

%7. Stacked U-Nets: A No-Frills Approach to Natural Image Segmentation
@article{shah2018stacked,
  title   = {Stacked U-Nets: a no-frills approach to natural image segmentation},
  author  = {Shah, Sohil and Ghosh, Pallabi and Davis, Larry S and Goldstein, Tom},
  journal = {arXiv preprint arXiv:1804.10343},
  year    = {2018}
}

%8. Stacked U-Nets for Ground Material Segmentation in Remote Sensing Imagery
@inproceedings{ghosh2018stacked,
  title     = {Stacked U-Nets for Ground Material Segmentation in Remote Sensing Imagery.},
  author    = {Ghosh, Arthita and Ehrlich, Max and Shah, Sohil and Davis, Larry S and Chellappa, Rama},
  booktitle = {CVPR Workshops},
  pages     = {257--261},
  year      = {2018}
}

%9. Stacked U-Nets with Multi-Output for Road Extraction
@inproceedings{sun2018stacked,
  title     = {Stacked U-Nets With Multi-Output for Road Extraction.},
  author    = {Sun, Tao and Chen, Zehui and Yang, Wenxiang and Wang, Yin},
  booktitle = {CVPR Workshops},
  pages     = {202--206},
  year      = {2018}
}

%10. U2-NET: A BAYESIAN U-NET MODEL WITH EPISTEMIC UNCERTAINTY FEEDBACK FOR PHOTORECEPTOR LAYER SEGMENTATION IN PATHOLOGICAL OCT SCANS
@inproceedings{orlando2019u2,
  title        = {U2-net: A bayesian u-net model with epistemic uncertainty feedback for photoreceptor layer segmentation in pathological oct scans},
  author       = {Orlando, Jos{\'e} Ignacio and Seeb{\"o}ck, Philipp and Bogunovi{\'c}, Hrvoje and Klimscha, Sophie and Grechenig, Christoph and Waldstein, Sebastian and Gerendas, Bianca S and Schmidt-Erfurth, Ursula},
  booktitle    = {2019 IEEE 16th International Symposium on Biomedical Imaging (ISBI 2019)},
  pages        = {1441--1445},
  year         = {2019},
  organization = {IEEE}
}

%11. Medical Image Synthesis for Data Augmentation and Anonymization using Generative Adversarial Networks
@inproceedings{shin2018medical,
  title        = {Medical image synthesis for data augmentation and anonymization using generative adversarial networks},
  author       = {Shin, Hoo-Chang and Tenenholtz, Neil A and Rogers, Jameson K and Schwarz, Christopher G and Senjem, Matthew L and Gunter, Jeffrey L and Andriole, Katherine P and Michalski, Mark},
  booktitle    = {International workshop on simulation and synthesis in medical imaging},
  pages        = {1--11},
  year         = {2018},
  organization = {Springer}
}

%12. Segmentation of Lungs in Chest X-ray Image using Generative Adversarial Networks
@article{munawar2020segmentation,
  title     = {Segmentation of Lungs in Chest X-Ray Image Using Generative Adversarial Networks},
  author    = {Munawar, Faizan and Azmat, Shoaib and Iqbal, Talha and Gr{\"o}nlund, Christer and Ali, Hazrat},
  journal   = {IEEE Access},
  volume    = {8},
  pages     = {153535--153545},
  year      = {2020},
  publisher = {IEEE}
}

%13. Skin Lesion Segmentation Using Atrous Convolution via DeepLab v3
@article{wang2018skin,
  title   = {Skin lesion segmentation using atrous convolution via DeepLab v3},
  author  = {Wang, Yujie and Sun, Simon and Yu, Jahow and Yu, Dr and others},
  journal = {arXiv preprint arXiv:1807.08891},
  year    = {2018}
}

@article{chen2017deeplab,
  title     = {Deeplab: Semantic image segmentation with deep convolutional nets, atrous convolution, and fully connected crfs},
  author    = {Chen, Liang-Chieh and Papandreou, George and Kokkinos, Iasonas and Murphy, Kevin and Yuille, Alan L},
  journal   = {IEEE transactions on pattern analysis and machine intelligence},
  volume    = {40},
  number    = {4},
  pages     = {834--848},
  year      = {2017},
  publisher = {IEEE}
}


%ref from tianyu
%1
@inproceedings{jegou2017one,
  title     = {The one hundred layers tiramisu: Fully convolutional densenets for semantic segmentation},
  author    = {J{\'e}gou, Simon and Drozdzal, Michal and Vazquez, David and Romero, Adriana and Bengio, Yoshua},
  booktitle = {Proceedings of the IEEE conference on computer vision and pattern recognition workshops},
  pages     = {11--19},
  year      = {2017}
}

%2. 
@article{paszke2016enet,
  title   = {Enet: A deep neural network architecture for real-time semantic segmentation},
  author  = {Paszke, Adam and Chaurasia, Abhishek and Kim, Sangpil and Culurciello, Eugenio},
  journal = {arXiv preprint arXiv:1606.02147},
  year    = {2016}
}

%3.
@inproceedings{zhao2017pyramid,
  title     = {Pyramid scene parsing network},
  author    = {Zhao, Hengshuang and Shi, Jianping and Qi, Xiaojuan and Wang, Xiaogang and Jia, Jiaya},
  booktitle = {Proceedings of the IEEE conference on computer vision and pattern recognition},
  pages     = {2881--2890},
  year      = {2017}
}

%4.
@inproceedings{lin2017refinenet,
  title     = {Refinenet: Multi-path refinement networks for high-resolution semantic segmentation},
  author    = {Lin, Guosheng and Milan, Anton and Shen, Chunhua and Reid, Ian},
  booktitle = {Proceedings of the IEEE conference on computer vision and pattern recognition},
  pages     = {1925--1934},
  year      = {2017}
}

%5.
@article{islam2018gated,
  title   = {Gated feedback refinement network for coarse-to-fine dense semantic image labeling},
  author  = {Islam, Md Amirul and Rochan, Mrigank and Naha, Shujon and Bruce, Neil DB and Wang, Yang},
  journal = {arXiv preprint arXiv:1806.11266},
  year    = {2018}
}

%6.
@inproceedings{huang2020unet,
  title        = {UNet 3+: A Full-Scale Connected UNet for Medical Image Segmentation},
  author       = {Huang, Huimin and Lin, Lanfen and Tong, Ruofeng and Hu, Hongjie and Zhang, Qiaowei and Iwamoto, Yutaro and Han, Xianhua and Chen, Yen-Wei and Wu, Jian},
  booktitle    = {ICASSP 2020-2020 IEEE International Conference on Acoustics, Speech and Signal Processing (ICASSP)},
  pages        = {1055--1059},
  year         = {2020},
  organization = {IEEE}
}


%ref from zhaoyi
@article{shit2020cldice,
  title   = {clDice--a Topology-Preserving Loss Function for Tubular Structure Segmentation},
  author  = {Shit, Suprosanna and Paetzold, Johannes C and Sekuboyina, Anjany and Zhylka, Andrey and Ezhov, Ivan and Unger, Alexander and Pluim, Josien PW and Tetteh, Giles and Menze, Bjoern H},
  journal = {arXiv preprint arXiv:2003.07311},
  year    = {2020}
}

@misc{kaggle_2018,
  title   = {2018 Data Science Bowl},
  url     = {https://www.kaggle.com/c/data-science-bowl-2018},
  journal = {Kaggle},
  author  = {Kaggle, Inc.},
  year    = {2018}
} 
